@article{Acharya_2020,
  doi       = {10.3982/ecta16409},
  url       = {https://doi.org/10.3982%2Fecta16409},
  year      = 2020,
  publisher = {The Econometric Society},
  volume    = {88},
  number    = {3},
  pages     = {1113--1158},
  author    = {Sushant Acharya and Keshav Dogra},
  title     = {Understanding {HANK}: Insights From a {PRANK}},
  journal   = {Econometrica}
}
@article{Andrews_2017,
  doi       = {10.1093/qje/qjx023},
  url       = {https://doi.org/10.1093%2Fqje%2Fqjx023},
  year      = 2017,
  month     = {jun},
  publisher = {Oxford University Press ({OUP})},
  volume    = {132},
  number    = {4},
  pages     = {1553--1592},
  author    = {Isaiah Andrews and Matthew Gentzkow and Jesse M. Shapiro},
  title     = {Measuring the Sensitivity of Parameter Estimates to Estimation Moments{\ast}},
  journal   = {The Quarterly Journal of Economics}
}
@article{Attanasio_1999,
  doi       = {10.1080/07350015.1999.10524794},
  url       = {https://doi.org/10.1080%2F07350015.1999.10524794},
  year      = 1999,
  month     = {jan},
  publisher = {Informa {UK} Limited},
  volume    = {17},
  number    = {1},
  pages     = {22--35},
  author    = {Orazio P. Attanasio and James Banks and Costas Meghir and Guglielmo Weber},
  title     = {Humps and Bumps in Lifetime Consumption},
  journal   = {Journal of Business {\&}amp$\mathsemicolon$ Economic Statistics}
}
@techreport{Auclert_2020,
  doi       = {10.3386/w26647},
  url       = {https://doi.org/10.3386%2Fw26647},
  year      = 2020,
  month     = {jan},
  publisher = {National Bureau of Economic Research},
  author    = {Adrien Auclert and Matthew Rognlie and Ludwig Straub},
  title     = {Micro Jumps, Macro Humps: Monetary Policy and Business Cycles in an Estimated {HANK} Model}
}
@article{Auclert_2021,
  doi       = {10.3982/ecta17434},
  url       = {https://doi.org/10.3982%2Fecta17434},
  year      = 2021,
  publisher = {The Econometric Society},
  volume    = {89},
  number    = {5},
  pages     = {2375--2408},
  author    = {Adrien Auclert and Bence Bard{\'{o}}czy and Matthew Rognlie and Ludwig Straub},
  title     = {Using the Sequence-Space Jacobian to Solve and Estimate Heterogeneous-Agent Models},
  journal   = {Econometrica}
}
@article{Cagetti_2003,
  doi       = {10.1198/073500103288619007},
  url       = {https://doi.org/10.1198%2F073500103288619007},
  year      = 2003,
  month     = {jul},
  publisher = {Informa {UK} Limited},
  volume    = {21},
  number    = {3},
  pages     = {339--353},
  author    = {Marco Cagetti},
  title     = {Wealth Accumulation Over the Life Cycle and Precautionary Savings},
  journal   = {Journal of Business {\&}amp$\mathsemicolon$ Economic Statistics}
}
@article{Carroll_1992,
  doi       = {10.2307/2534582},
  url       = {https://doi.org/10.2307%2F2534582},
  year      = 1992,
  publisher = {{JSTOR}},
  volume    = {1992},
  number    = {2},
  pages     = {61},
  author    = {Christopher D. Carroll and Robert E. Hall and Stephen P. Zeldes},
  title     = {The Buffer-Stock Theory of Saving: Some Macroeconomic Evidence},
  journal   = {Brookings Papers on Economic Activity}
}
@techreport{Carroll_1998,
  doi       = {10.3386/w6549},
  url       = {https://doi.org/10.3386%2Fw6549},
  year      = 1998,
  month     = {may},
  publisher = {National Bureau of Economic Research},
  author    = {Christopher Carroll},
  title     = {Why Do the Rich Save So Much?}
}
@techreport{Carroll_2000,
  doi       = {10.3386/w7826},
  url       = {https://doi.org/10.3386%2Fw7826},
  year      = 2000,
  month     = {aug},
  publisher = {National Bureau of Economic Research},
  author    = {Christopher Carroll},
  title     = {Portfolios of the Rich}
}
@techreport{Carroll_2004,
  doi       = {10.3386/w10867},
  url       = {https://doi.org/10.3386%2Fw10867},
  year      = 2004,
  month     = {nov},
  publisher = {National Bureau of Economic Research},
  author    = {Christopher Carroll},
  title     = {Theoretical Foundations of Buffer Stock Saving}
}
@article{Carroll_2006,
  doi       = {10.1016/j.econlet.2005.09.013},
  url       = {https://doi.org/10.1016%2Fj.econlet.2005.09.013},
  year      = 2006,
  month     = {jun},
  publisher = {Elsevier {BV}},
  volume    = {91},
  number    = {3},
  pages     = {312--320},
  author    = {Christopher D. Carroll},
  title     = {The method of endogenous gridpoints for solving dynamic stochastic optimization problems},
  journal   = {Economics Letters}
}
@article{De_Nardi_2010,
  doi       = {10.1086/651674},
  url       = {https://doi.org/10.1086%2F651674},
  year      = 2010,
  month     = {feb},
  publisher = {University of Chicago Press},
  volume    = {118},
  number    = {1},
  pages     = {39--75},
  author    = {Mariacristina De Nardi and Eric French and John~B. Jones},
  title     = {Why Do the Elderly Save? The Role of Medical Expenses},
  journal   = {Journal of Political Economy}
}
@article{Dynan_2002,
  doi       = {10.1257/000282802320189393},
  url       = {https://doi.org/10.1257%2F000282802320189393},
  year      = 2002,
  month     = {apr},
  publisher = {American Economic Association},
  volume    = {92},
  number    = {2},
  pages     = {274--278},
  author    = {Karen E Dynan and Jonathan Skinner and Stephen P Zeldes},
  title     = {The Importance of Bequests and Life-Cycle Saving in Capital Accumulation: A New Answer},
  journal   = {American Economic Review}
}
@article{Dynan_2004,
  doi       = {10.1086/381475},
  url       = {https://doi.org/10.1086%2F381475},
  year      = 2004,
  month     = {apr},
  publisher = {University of Chicago Press},
  volume    = {112},
  number    = {2},
  pages     = {397--444},
  author    = {Karen~E. Dynan and Jonathan Skinner and Stephen~P. Zeldes},
  title     = {Do the Rich Save More?},
  journal   = {Journal of Political Economy}
}
@article{Gourinchas_2002,
  doi       = {10.1111/1468-0262.00269},
  url       = {https://doi.org/10.1111%2F1468-0262.00269},
  year      = 2002,
  month     = {jan},
  publisher = {The Econometric Society},
  volume    = {70},
  number    = {1},
  pages     = {47--89},
  author    = {Pierre-Olivier Gourinchas and Jonathan A. Parker},
  title     = {Consumption Over the Life Cycle},
  journal   = {Econometrica}
}
@article{Kaplan_2018,
  doi       = {10.1257/aer.20160042},
  url       = {https://doi.org/10.1257%2Faer.20160042},
  year      = 2018,
  month     = {mar},
  publisher = {American Economic Association},
  volume    = {108},
  number    = {3},
  pages     = {697--743},
  author    = {Greg Kaplan and Benjamin Moll and Giovanni L. Violante},
  title     = {Monetary Policy According to {HANK}},
  journal   = {American Economic Review}
}
@techreport{Mian_2020,
  doi       = {10.3386/w26941},
  url       = {https://doi.org/10.3386%2Fw26941},
  year      = 2020,
  month     = {apr},
  publisher = {National Bureau of Economic Research},
  author    = {Atif Mian and Ludwig Straub and Amir Sufi},
  title     = {The Saving Glut of the Rich}
}
@article{Michaillat_2021,
  doi       = {10.1162/rest_a_00893},
  url       = {https://doi.org/10.1162%2Frest_a_00893},
  year      = 2021,
  month     = {may},
  publisher = {{MIT} Press - Journals},
  volume    = {103},
  number    = {2},
  pages     = {197--215},
  author    = {Pascal Michaillat and Emmanuel Saez},
  title     = {Resolving New Keynesian Anomalies with Wealth in the Utility Function},
  journal   = {The Review of Economics and Statistics}
}
@article{Palumbo_1999,
  doi       = {10.1111/1467-937x.00092},
  url       = {https://doi.org/10.1111%2F1467-937x.00092},
  year      = 1999,
  month     = {apr},
  publisher = {Oxford University Press ({OUP})},
  volume    = {66},
  number    = {2},
  pages     = {395--421},
  author    = {Michael G. Palumbo},
  title     = {Uncertain Medical Expenses and Precautionary Saving Near the End of the Life Cycle},
  journal   = {Review of Economic Studies}
}
@article{Ravn_2020,
  doi       = {10.1093/jeea/jvaa028},
  url       = {https://doi.org/10.1093%2Fjeea%2Fjvaa028},
  year      = 2020,
  month     = {jun},
  publisher = {Oxford University Press ({OUP})},
  volume    = {19},
  number    = {2},
  pages     = {1162--1202},
  author    = {Morten O Ravn and Vincent Sterk},
  title     = {Macroeconomic Fluctuations with {HANK} {\&}amp$\mathsemicolon$ {SAM}: an Analytical Approach},
  journal   = {Journal of the European Economic Association}
}
@article{Sabelhaus_2010,
  doi       = {10.1016/j.jmoneco.2010.04.003},
  url       = {https://doi.org/10.1016%2Fj.jmoneco.2010.04.003},
  year      = 2010,
  month     = {may},
  publisher = {Elsevier {BV}},
  volume    = {57},
  number    = {4},
  pages     = {391--403},
  author    = {John Sabelhaus and Jae Song},
  title     = {The great moderation in micro labor earnings},
  journal   = {Journal of Monetary Economics}
}
